<?xml version="1.0" encoding="UTF-8"?><record xmlns="http://www.loc.gov/MARC21/slim" xmlns:cinclude="http://apache.org/cocoon/include/1.0" xmlns:zs="http://www.loc.gov/zing/srw/">
  <leader>00853cz  a2200181n  4500</leader>
  <controlfield tag="001">n  93042461 </controlfield>
  <controlfield tag="003">DLC</controlfield>
  <controlfield tag="005">20131206065649.0</controlfield>
  <controlfield tag="008">930506n| azannaabn           n aaa      </controlfield>
  <datafield tag="010" ind1=" " ind2=" ">
    <subfield code="a">n  93042461 </subfield>
  </datafield>
  <datafield tag="035" ind1=" " ind2=" ">
    <subfield code="a">(OCoLC)oca03367518</subfield>
  </datafield>
  <datafield tag="040" ind1=" " ind2=" ">
    <subfield code="a">DLC</subfield>
    <subfield code="b">eng</subfield>
    <subfield code="e">rda</subfield>
    <subfield code="c">DLC</subfield>
    <subfield code="d">NjP</subfield>
    <subfield code="d">DLC</subfield>
  </datafield>
  <datafield tag="046" ind1=" " ind2=" ">
    <subfield code="f">1958</subfield>
  </datafield>
  <datafield tag="100" ind1="1" ind2=" ">
    <subfield code="a">Epp, Roger</subfield>
  </datafield>
  <datafield tag="670" ind1=" " ind2=" ">
    <subfield code="a">Saskatoon (Sask.)</subfield>
  </datafield>
  <datafield tag="670" ind1=" " ind2=" ">
    <subfield code="a">His The "Augustinian moment" in international politics, 1991:</subfield>
    <subfield code="b">t.p. (Roger Epp) p. 27 (B.A., M.A., Ph. D.; asst. prof. at Camrose Lutheran University Coll., Alberta)</subfield>
  </datafield>
  <datafield tag="670" ind1=" " ind2=" ">
    <subfield code="a">We are all treaty people, c2008:</subfield>
    <subfield code="b">t..p. (Roger Epp) Can. CIP (Epp, Roger, 1958- ) cover p. 4 (dean of the University of Alberta's Augustana Campus in Camrose, where he is also prof. of political studies)</subfield>
  </datafield>
  <datafield tag="670" ind1=" " ind2=" ">
    <subfield code="a">Roads taken, 2014:</subfield>
    <subfield code="b">CIP t.p. (Roger Epp) data view (b. July 24, 1958, Saskatoon, Saskatchewan)</subfield>
  </datafield>
</record>